@ieeetranbstctl{IEEEexample:BSTcontrol,
  ctlname_url_prefix = {[En línea]. Disponible en:}
}

@book{gallardo2016pseudopolitica,
  title  = {Pseudopol{\'\i}tica: el discurso pol{\'\i}tico en las redes sociales},
  author = {Gallardo-Pa{\'u}ls, Beatriz and Enguix Oliver, Salvador},
  year   = {2016},
  publisher = {Universitat de Val{\`e}ncia}
}

@article{koppel2002automatically,
  title     = {Automatically categorizing written texts by author gender},
  author    = {Koppel, Moshe and Argamon, Shlomo and Shimoni, Anat Rachel},
  journal   = {Literary and linguistic computing},
  volume    = {17},
  number    = {4},
  pages     = {401--412},
  year      = {2002},
  publisher = {Oxford University Press}
}

@inproceedings{otterbacher2010inferring,
  title     = {Inferring gender of movie reviewers: exploiting writing style, content and metadata},
  author    = {Otterbacher, Jahna},
  booktitle = {Proceedings of the 19th ACM international conference on Information and knowledge management},
  pages     = {369--378},
  year      = {2010}
}

@article{argamon2003gender,
  title     = {Gender, genre, and writing style in formal written texts},
  author    = {Argamon, Shlomo and Koppel, Moshe and Fine, Jonathan and Shimoni, Anat Rachel},
  journal   = {Text \& talk},
  volume    = {23},
  number    = {3},
  pages     = {321--346},
  year      = {2003},
  publisher = {De Gruyter Berlin, Germany}
}

@inproceedings{rangel2015overview,
  title        = {Overview of the 3rd Author Profiling Task at PAN 2015},
  author       = {Rangel, Francisco and Celli, Fabio and Rosso, Paolo and Potthast, Martin and Stein, Benno and Daelemans, Walter and others},
  booktitle    = {CLEF2015 Working Notes. Working Notes of CLEF 2015-Conference and Labs of the Evaluation forum.},
  year         = {2015},
  organization = {Notebook Papers}
}

@inproceedings{rangel2014overview,
  title     = {Overview of the 2nd author profiling task at pan 2014},
  author    = {Rangel, Francisco and Rosso, Paolo and Chugur, Irina and Potthast, Martin and Trenkmann, Martin and Stein, Benno and Verhoeven, Ben and Daelemans, Walter},
  booktitle = {CLEF 2014 Evaluation Labs and Workshop Working Notes Papers, Sheffield, UK, 2014},
  pages     = {1--30},
  year      = {2014}
}

@inproceedings{rangel2016overview,
  title     = {Overview of the 4th author profiling task at PAN 2016: cross-genre evaluations},
  author    = {Rangel, Francisco and Rosso, Paolo and Verhoeven, Ben and Daelemans, Walter and Potthast, Martin and Stein, Benno},
  booktitle = {Working Notes Papers of the CLEF 2016 Evaluation Labs. CEUR Workshop Proceedings/Balog, Krisztian [edit.]; et al.},
  pages     = {750--784},
  year      = {2016}
}

@misc{fastapi,
  author       = {Sebastián Ramírez},
  title        = {FastAPI},
  howpublished = {\url{https://fastapi.tiangolo.com/}},
  year         = {2018}
}

@misc{python,
  author       = {Python Software Foundation},
  title        = {Python},
  howpublished = {\url{https://www.python.org/}},
  year         = {1991}
}

@misc{ddd,
  author       = {Eric Evans},
  title        = {Domain-Driven Design},
  howpublished = {\url{https://www.domainlanguage.com/ddd/}},
  year         = {2003}
}

@misc{nextjs,
  author       = {Vercel},
  title        = {Next.js},
  howpublished = {\url{https://nextjs.org/}},
  year         = {2016}
}

@misc{react,
  author       = {Facebook},
  title        = {React},
  howpublished = {\url{https://reactjs.org/}},
  year         = {2013}
}

@misc{typescript,
  author       = {Microsoft},
  title        = {TypeScript},
  howpublished = {\url{https://www.typescriptlang.org/}},
  year         = {2012}
}

@misc{stackoverflow2023,
  author  = {Stack Overflow Team},
  title   = {Stack Overflow Developer Survey 2023},
  url     = {https://survey.stackoverflow.co/2023/},
  journal = {Stack Overflow},
  year    = {2023},
  month   = {feb}
}

@misc{wearesocial,
  author  = {We Are Social, Meltwater},
  title   = {Digital 2023 Global Overview Report},
  journal = {We Are Social},
  url     = {https://datareportal.com/reports/digital-2022-global-overview-report},
  year    = {2023}
}

@misc{sass,
  author       = {Sass Team},
  title        = {Sass},
  howpublished = {\url{https://sass-lang.com/}},
  year         = {2006}
}

@misc{bootstrap,
  author       = {Bootstrap Team},
  title        = {Bootstrap},
  howpublished = {\url{https://getbootstrap.com/}},
  year         = {2011}
}

@misc{materialui,
  author       = {Material-UI Team},
  title        = {Material-UI},
  howpublished = {\url{https://material-ui.com/}},
  year         = {2014}
}

@misc{chakraui,
  author       = {Chakra UI Team},
  title        = {Chakra UI},
  howpublished = {\url{https://chakra-ui.com/}},
  year         = {2019}
}

@misc{chartjs,
  author       = {Chart.js Team},
  title        = {Chart.js},
  howpublished = {\url{https://www.chartjs.org/}},
  year         = {2013}
}

@misc{framermotion,
  author       = {Framer Team},
  title        = {Framer Motion},
  howpublished = {\url{https://www.framer.com/motion/}},
  year         = {2019}
}

@inproceedings{corney2002gender,
  title        = {Gender-preferential text mining of e-mail discourse},
  author       = {Corney, Malcolm and De Vel, Olivier and Anderson, Alison and Mohay, George},
  booktitle    = {18th Annual Computer Security Applications Conference, 2002. Proceedings.},
  pages        = {282--289},
  year         = {2002},
  organization = {IEEE}
}



@article{oterorodilla2021,
  author     = {Otero, David and Martin-Rodilla, Patricia and Parapar, Javier},
  title      = {Building Cultural Heritage Reference Collections from Social Media through Pooling Strategies: The Case of 2020’s Tensions Over Race and Heritage},
  year       = {2021},
  issue_date = {February 2022},
  publisher  = {Association for Computing Machinery},
  address    = {New York, NY, USA},
  volume     = {15},
  number     = {1},
  issn       = {1556-4673},
  url        = {https://doi.org/10.1145/3477604},
  doi        = {10.1145/3477604},
  journal    = {J. Comput. Cult. Herit.},
  month      = {dec},
  articleno  = {9},
  numpages   = {13},
  keywords   = {social networks, Reference collections, pooling}
}

@misc{sydney1980permanent,
  title     = {The Permanent Campaign: Inside the World of Elite Political Operatives},
  author    = {Sydney, Blumenthal},
  year      = {1980},
  publisher = {Beacon Press, Boston}
}

@article{stromback2008four,
  title     = {Four phases of mediatization: An analysis of the mediatization of politics},
  author    = {Str{\"o}mb{\"a}ck, Jesper},
  journal   = {The international journal of press/politics},
  volume    = {13},
  number    = {3},
  pages     = {228--246},
  year      = {2008},
  publisher = {Sage Publications Sage CA: Los Angeles, CA}
}

@article{saxena2013advertising,
  title     = {Advertising on social network sites: A structural equation modelling approach},
  author    = {Saxena, Anant and Khanna, Uday},
  journal   = {Vision},
  volume    = {17},
  number    = {1},
  pages     = {17--25},
  year      = {2013},
  publisher = {Sage Publications Sage India: New Delhi, India}
}

@inproceedings{rangel2013overview,
  title        = {Overview of the author profiling task at PAN 2013},
  author       = {Rangel, Francisco and Rosso, Paolo and Koppel, Moshe and Stamatatos, Efstathios and Inches, Giacomo},
  booktitle    = {CLEF conference on multilingual and multimodal information access evaluation},
  pages        = {352--365},
  year         = {2013},
  organization = {CELCT}
}

@article{machimbarrena2018internet,
  title     = {Internet risks: An overview of victimization in cyberbullying, cyber dating abuse, sexting, online grooming and problematic internet use},
  author    = {Machimbarrena, Juan M and Calvete, Esther and Fern{\'a}ndez-Gonz{\'a}lez, Liria and {\'A}lvarez-Bard{\'o}n, Aitor and {\'A}lvarez-Fern{\'a}ndez, Lourdes and Gonz{\'a}lez-Cabrera, Joaqu{\'\i}n},
  journal   = {International journal of environmental research and public health},
  volume    = {15},
  number    = {11},
  pages     = {2471},
  year      = {2018},
  publisher = {MDPI}
}
